<record><leader>00000cas a2200000 a 4500</leader><controlfield tag="001">10106555</controlfield><controlfield tag="008">831108d18981901nyuwr ne      0    0eng c</controlfield><datafield ind1=" " ind2=" " tag="010"><subfield code="a">sn 83031583 </subfield></datafield><datafield ind1=" " ind2=" " tag="040"><subfield code="a">NPU</subfield><subfield code="b">eng</subfield><subfield code="c">NPU</subfield><subfield code="d">NPX</subfield><subfield code="d">NYS</subfield><subfield code="d">OCLCQ</subfield><subfield code="d">OCLCF</subfield><subfield code="d">OCLCO</subfield></datafield><datafield ind1="1" ind2=" " tag="029"><subfield code="a">AU@</subfield><subfield code="b">000020294676</subfield></datafield><datafield ind1=" " ind2=" " tag="042"><subfield code="a">pcc</subfield></datafield><datafield ind1=" " ind2=" " tag="043"><subfield code="a">n-us-ny</subfield></datafield><datafield ind1="0" ind2="4" tag="245"><subfield code="a">The Chronicle-record.</subfield></datafield><datafield ind1=" " ind2=" " tag="260"><subfield code="a">Mount Vernon, N.Y. :</subfield><subfield code="b">Record Pub. Co.,</subfield><subfield code="c">1898-1901.</subfield></datafield><datafield ind1=" " ind2=" " tag="300"><subfield code="a">157 no. :</subfield><subfield code="b">ill. ;</subfield><subfield code="c">55 cm.</subfield></datafield><datafield ind1=" " ind2=" " tag="310"><subfield code="a">Weekly</subfield></datafield><datafield ind1="0" ind2=" " tag="362"><subfield code="a">Whole no. 1861 (Sept. 2, 1898)-Whole no. 2017 (Aug. 30, 1901).</subfield></datafield><datafield ind1=" " ind2=" " tag="500"><subfield code="a">"Official County Republican Newspaper."</subfield></datafield><datafield ind1=" " ind2=" " tag="530"><subfield code="a">Available on microfilm from Microfilm Records Systems, Mamaroneck, N.Y.</subfield></datafield><datafield ind1=" " ind2="0" tag="651"><subfield code="a">Mount Vernon (Westchester County, N.Y.)</subfield><subfield code="v">Newspapers.</subfield></datafield><datafield ind1=" " ind2="0" tag="651"><subfield code="a">Westchester County (N.Y.)</subfield><subfield code="v">Newspapers.</subfield></datafield><datafield ind1=" " ind2="7" tag="655"><subfield code="a">Newspapers.</subfield><subfield code="2">fast</subfield><subfield code="0">(OCoLC)fst01423814</subfield></datafield><datafield ind1=" " ind2="7" tag="651"><subfield code="a">New York (State)</subfield><subfield code="z">Mount Vernon (Westchester County)</subfield><subfield code="2">fast</subfield><subfield code="0">(OCoLC)fst01313702</subfield></datafield><datafield ind1=" " ind2="7" tag="651"><subfield code="a">New York (State)</subfield><subfield code="z">Westchester County.</subfield><subfield code="2">fast</subfield><subfield code="0">(OCoLC)fst01202684</subfield></datafield><datafield ind1=" " ind2=" " tag="752"><subfield code="a">United States</subfield><subfield code="b">New York</subfield><subfield code="c">Westchester</subfield><subfield code="d">Mount Vernon.</subfield></datafield><datafield ind1="0" ind2="4" tag="780"><subfield code="t">Chronicle (Mount Vernon, N.Y.)</subfield><subfield code="w">(DLC)sn 83031256</subfield></datafield><datafield ind1="0" ind2="4" tag="780"><subfield code="t">Mount Vernon record (Mount Vernon, N.Y. : 1897)</subfield><subfield code="w">(DLC)sn 83031576</subfield><subfield code="w">(OCoLC)10093931</subfield></datafield><datafield ind1="0" ind2="0" tag="785"><subfield code="t">Mount Vernon record (Mount Vernon, N.Y. : 1901)</subfield><subfield code="w">(DLC)sn 83031584</subfield><subfield code="w">(OCoLC)10089095</subfield></datafield></record>